% This file was created with JabRef 2.9.2.
% Encoding: UTF8


%\listfiles

@article{watson1953molecular:1953,
  title={Molecular structure of nucleic acids},
  author={Watson, J.D. and Crick, F.H.C.},
  journal={Nature},
  volume={171},
  number={4356},
  pages={737-738},
  year={1953}
}

@article{venter2001sequence:2001,
  title={The sequence of the human genome},
  author={Venter, J.C. and Adams, M.D. and Myers, E.W. and Li, P.W. and Mural, R.J. and Sutton, G.G. and
  Smith, H.O. and Yandell, M. and Evans, C.A. and Holt, R.A. and others},
  journal={Science's STKE},
  volume={291},
  number={5507},
  pages={1304-1351},
  year={2001},
  publisher={AAAS}
}


@Article{sprinzl:1997,
  title =	 {Compilation of t{RNA} sequences and sequences of t{RNA} genes},
 author =	 {M. Sprinzl and C. Horn and M. Brown and A. Ioudovitch and S. Steinberg },
  journal =	 {Nucleic Acids Research},
  year =	 {1997},
  volume =	 {26},
  number =	 {1},
  pages =	 {148--153}
}


@article{lander2001initial:2001,
  title={Initial sequencing and analysis of the human genome},
  author={Lander, E.S. and Linton, L.M. and Birren, B. and Nusbaum, C. and Zody, M.C. and Baldwin, J. and
  Devon, K. and Dewar, K. and Doyle, M. and FitzHugh, W. and others},
  journal={Nature},
  volume={409},
  number={6822},
  pages={860-921},
  year={2001},
  publisher={Nature Publishing Group}
}


@book{lodish:2005,
  title =	 {Molecular Cell Biology},
  author =	 {H. Lodish and A. Berk and P. Matsudaira},
  publisher =	 {W. H. Freeman \& Co},
  year =	 {2005},
  pages = {968},
  country = {Nova Iorque},
  edicao = {5ed}
}

@Article{silva:2001,
  author =	 {N. P. Silva and L. E. C. Andrade},
  title =	 {Noções básicas de {B}iologia {M}olecular},
  journal =	 {Revista Brasileira de Reumatologia},
  year =	 {2001},
  volume =	 {41},
  pages =	 {83-94}
}

@book{koolman:2005,
  author =	 {J. Koolman and K. H. Roehm},
  title =	 {Color Atlas of Biochemistry},
  publisher =	 {Georg Thieme Verlag},
  year =	 {2005},
  pages =	 {477},
  country = {Nova Iorque},
  edicao = {2ed}
}


@book{stryer:2002,
  author =	 {L. Stryer and L. Berg and J. L. Tymoczco},
  title =	 {Biochemistry},
  publisher =	 {W. H. Freeman \& Co},
  year =	 {2002},
  pages =	 {1514},
  country = {Nova Iorque},
  edition = {5ed}
}


@book{lopes:1998,
  author =	 {S. Lopes},
  title =	 {Introdução à Biologia e origem da vida, Citologia, Reprodução e Embriologia, Histologia},
  publisher =	 {Saraiva},
  year =	 {1998},
  pages =	 {379}
}


@book{nelson:2004,
  author =	 {D. L. Nelson and M. M. Cox},
  title =	 {Lehninger Principles of Biochemistry},
  publisher =	 {W. H. Freeman \& Co},
  year =	 {2004},
  pages =	 {1124},
  country = {Nova Iorque},
  edition = {4ed}
}


@Article{lafontaine:2001,
  title =	 {Ribosomal {RNA}},
  author =	 {D. L. J. Lafontaine and D. Tollervey},
  journal =	 {Encyclopedia of Life Sciences},
  year =	 {2001}
}

@Article{gutell:1994,
  author =	 {R. R. Gutell and N. Larsenu and C. R. Woese},
  title =	 {Lessons from an Evolving r{RNA}: 16S and 23S r{RNA} Structures from a Comparative Perspective},
  journal =	 {Microbiological Reviews},
  year =	 {1994},
  volume =	 {58},
  number =	 {1},
  pages =	 {10--26}
}

@article{liu:2006,
  author =	 {J. Liu and J. Gough and B. Rost},
  title =	 {Distinguishing {P}rotein-{C}oding from {N}on-{C}oding {RNA}s
                  through Support Vector Machines},
  journal =	 {PLOS Genetics},
  volume =	 {2},
  number =	 {4},
  year =	 {2006},
  pages =	 {529--536},
}

@book{Lundblad:2007,
  author =	 {R. L. Lundblad},
  title =	 {Biochemistry and Molecular Biology Compendium},
  publisher =	 {Taylor \& Francis Group},
  year =	 {2007},
  pages =	 {424},
  country = {USA},
  edition = {1ed}
}

@book{voet:1995,
  author =	 {D. Voet and J. G. Voet},
  title =	 {Biochemistry},
  publisher =	 {Wiley},
  edition =	 {2nd},
  year =	 {1995}
}

@article{Lemos:2004,
  title={Workflow for Bioinformatics},
  author={Lemos, M. and De Miranda, A.B. and De Miranda, A.B. and Moura, A.N.A.M. and Seibel, L.F.B. and CasaNova,       
  M.A. and De Aragao, M.V.P. and Melo, R.N. and CasaNova, M.A. and Mattoso, M.L.Q. and others},
  year={2004},
  publisher={MAXWELL}
}


@article{pearson1988improved:1988,
  title={Improved tools for biological sequence comparison},
  author={Pearson, W.R. and Lipman, D.J.},
  journal={Proceedings of the National Academy of Sciences},
  volume={85},
  number={8},
  pages={2444-2448}, 
  year={1988},
  publisher={National Acad Sciences}
}

@article{brainstuff:2000,
  author={Brain, M.},
  title={How Stuff Works website - http://www.howstuffworks.co},  
  year={2000}
}

@article{altschul1990basic:1990,
  title={Basic local alignment search tool},
  author={Altschul, S.F. and Gish, W. and Miller, W. and Myers, E.W. and Lipman, D.J. and others},
  journal={Journal of molecular biology},
  volume={215},
  number={3},
  pages={403--410},
  year={1990},
  publisher={Elsevier Science}
}

@article{benson2006genbank:2006,
  title={GenBank},
  author={Benson, D.A. and Karsch-Mizrachi, I. and Lipman, D.J. and Ostell, J. and Wheeler, D.L.},
  journal={Nucleic acids research},
  volume={34},
  number={suppl 1},
  pages={D16-D20},
  year={2006},
  publisher={Oxford Univ Press}
}


@book{david2004bioinformatics:2004,
  title={Bioinformatics: sequence and genome analysis},
  author={David W. Mount},
  year={2004},
  publisher={CSHL press}
}



@article{Smith1981Waterman:1981,
  title={Identification of common molecular subsequences},
  author={Smith, T. F. and Waterman, M. S.},
  journal={J. Mol. Biol.},
  number={147},
  pages={195--197},
  year={1981},
  publisher={National Acad Sciences}
}


@article{ewing1998base:1998,
  title={Base-calling of automated sequencer traces usingPhred. I. Accuracy assessment},
  author={Ewing, B. and Hillier, L.D. and Wendl, M.C. and Green, P.},
  journal={Genome research},
  volume={8},
  number={3},
  pages={175--185},
  year={1998},
  publisher={Cold Spring Harbor Lab}
}


@article{huang1999cap3:1999,
  title={{CAP}3: A {DNA} sequence assembly program},
  author={Huang, X. and Madan, A.},
  journal={Genome research},
  volume={9},
  number={9},
  pages={868--877},
  year={1999},
  publisher={Cold Spring Harbor Lab}
}

@article{salzberg1998microbial:1998,
  title={Microbial gene identification using interpolated Markov models},
  author={Salzberg, S.L. and Delcher, A.L. and Kasif, S. and White, O.},
  journal={Nucleic acids research},
  volume={26},
  number={2},
  pages={544--548},
  year={1998},
  publisher={Oxford Univ Press}
}


@article{mardis2008next:2008,
  title={Next-generation {DNA} sequencing methods},
  author={Mardis, E.R.},
  journal={Annu. Rev. Genomics Hum. Genet.},
  volume={9},
  pages={387--402},
  year={2008},
  publisher={Annual Reviews}
}


@article{dohm2008substantial:2008,
  title={Substantial biases in ultra-short read data sets from high-throughput {DNA} sequencing},
  author={Dohm, J.C. and Lottaz, C. and Borodina, T. and Himmelbauer, H.},
  journal={Nucleic acids research},
  volume={36},
  number={16},
  pages={e105--e105},
  year={2008},
  publisher={Oxford Univ Press}
}

@book{lehninger2005lehninger:2005,
  title={Lehninger principles of biochemistry},
  author={Lehninger, A.L. and Nelson, D.L. and Cox, M.M.},
  volume={1},
  year={2005},
  publisher={WH Freeman \& Co}
}

@book{setubal1997introduction:1997,
  title={Introduction to Computational Molecular Biology},
  author={Setubal, J.C. and Meidanis, J.},
  year={1997},
  publisher={PWS Pub.}
}


@article{badger1999critica:1999,
  title={{CRITICA}: coding region identification tool invoking comparative analysis.},
  author={Badger, J.H. and Olsen, G.J.},
  journal={Molecular biology and evolution},
  volume={16},
  number={4},
  pages={512--524},
  year={1999},
  publisher={SMBE}
}

@article{eddy2001non:2001,
  title={{N}on-coding {RNA} genes and the modern {RNA} world},
  author={Eddy, S.R. and others},
  journal={Nature Reviews Genetics},
  volume={2},
  number={12},
  pages={919--929},
  year={2001}
}

@article{mignone2006discrimination:2006,
  title={Discrimination of {N}on-{P}rotein-Coding Transcripts from Protein-Coding m{RNA}},
  author={Mignone, F. and Pesole, G.},
  journal={{RNA} biology Journal},
  year={2006},
  publisher={Landes Bioscience}
}

@article{hoagland1958soluble:1958,
  title={A soluble ribonucleic acid intermediate in protein synthesis},
  author={Hoagland, M.B. and Stephenson, M.L. and Scott, J.F. and Hecht, L.I. and Zamecnik, P.C.},
  journal={Journal of Biological Chemistry},
  volume={231},
  number={1},
  pages={241--257},
  year={1958},
  publisher={ASBMB}
}

@article{mattick2001evolution:2001,
  title={The evolution of controlled multitasked gene networks: the role of introns and other noncoding {RNA}s in the development of complex organisms},
  author={Mattick, J.S. and Gagen, M.J.},
  journal={Molecular Biology and Evolution},
  volume={18},
  number={9},
  pages={1611--1630},
  year={2001},
  publisher={SMBE}
}

@article{mercer2008specific:2008,
  title={Specific expression of long noncoding {RNA}s in the mouse brain},
  author={Mercer, T.R. and Dinger, M.E. and Sunkin, S.M. and Mehler, M.F. and Mattick, J.S.},
  journal={Proceedings of the National Academy of Sciences},
  volume={105},
  number={2},
  pages={716},
  year={2008},
  publisher={National Acad Sciences}
}


@article{reynolds2004rational:2004,
  title={Rational si{RNA} design for {RNA} interference},
  author={Reynolds, A. and Leake, D. and Boese, Q. and Scaringe, S. and Marshall, W.S. and Khvorova, A.},
  journal={Nature biotechnology},
  volume={22},
  number={3},
  pages={326--330},
  year={2004},
  publisher={Nature Publishing Group}
}

@article{presutti2006non:2006,
  title={Non-coding {RNA} and brain},
  author={Presutti, C. and Rosati, J. and Vincenti, S. and Nasi, S.},
  journal={BMC neuroscience},
  volume={7},
  number={Suppl 1},
  pages={S5},
  year={2006},
  publisher={BioMed Central Ltd}
}

@article{pang2006rapid:2006,
  title={Rapid evolution of noncoding {RNA}s: lack of conservation does not mean lack of function},
  author={Pang, K.C. and Frith, M.C. and Mattick, J.S.},
  journal={Trends in Genetics},
  volume={22},
  number={1},
  pages={1--5},
  year={2006},
  publisher={Elsevier}
}

@article{rivas2001noncoding:2001,
  title={Noncoding {RNA} gene detection using comparative sequence analysis},
  author={Rivas, E. and Eddy, S.},
  journal={BMC bioinformatics},
  volume={2},
  number={1},
  pages={8},
  year={2001},
  publisher={BioMed Central Ltd}
}


@article{torarinsson2006thousands:2006,
  title={Thousands of corresponding human and mouse genomic regions unalignable in primary sequence contain common {RNA} structure},
  author={Torarinsson, E. and Sawera, M. and Havgaard, J.H. and Fredholm, M. and Gorodkin, J.},
  journal={Genome research},
  volume={16},
  number={7},
  pages={885--889},
  year={2006},
  publisher={Cold Spring Harbor Lab}
}

@article{xue2005classification:2005,
  title={Classification of real and pseudo micro{RNA} precursors using local structure-sequence features and support vector machine},
  author={Xue, C. and Li, F. and He, T. and Liu, G.P. and Li, Y. and Zhang, X.},
  journal={BMC Bioinformatics},
  volume={6},
  number={1},
  pages={310},
  year={2005},
  publisher={BioMed Central Ltd}
}

@article{wang2006psol:2006,
  title={{PSoL}: a positive sample only learning algorithm for finding non-coding {RNA} genes},
  author={Wang, C. and Ding, C. and Meraz, R.F. and Holbrook, S.R.},
  journal={Bioinformatics},
  volume={22},
  number={21},
  pages={2590--2596},
  year={2006},
  publisher={Oxford Univ Press}
}

@article{wahlestedt2006natural:2006,
  title={Natural antisense and noncoding {RNA} transcripts as potential drug targets},
  author={Wahlestedt, C.},
  journal={Drug discovery today},
  volume={11},
  number={11},
  pages={503--508},
  year={2006},
  publisher={Elsevier}
}


@Article{eddy:2002,
  author =	 {S. R. Eddy},
  title =	 {Computacional Genomics of noncoding {RNA} Genes},
  journal =	 {Cell},
  year =	 {2002},
  volume =	 {109},
  pages =	 {137--140}
}

@article{laslett2004aragorn:2004,
  title={{ARAGORN}, a program to detect t{RNA} genes and tm{RNA} genes in nucleotide sequences},
  author={Laslett, D. and Canback, B.},
  journal={Nucleic Acids Research},
  volume={32},
  number={1},
  pages={11--16},
  year={2004},
  publisher={Oxford Univ Press}
}

@article{lowe1997trnascan:1997,
  title={t{RNA}scan-{SE}: a program for improved detection of transfer {RNA} genes in genomic sequence},
  author={Lowe, T.M. and Eddy, S.R.},
  journal={Nucleic acids research},
  volume={25},
  number={5},
  pages={0955--964},
  year={1997},
  publisher={Oxford Univ Press}
}

@article{fichant1991identifying:1991,
  title={Identifying potential t{RNA} genes in genomic {DNA} sequences.},
  author={Fichant, G.A. and Burks, C.},
  journal={Journal of molecular biology},
  volume={220},
  number={3},
  pages={659},
  year={1991}
}


@article{pavesi1994identification:1994,
  title={Identification of new eukaryotic t{RNA} genes in genomic {DNA} databases by a multistep weight matrix anaylsis of transcriptional control regions},
  author={Pavesi, A. and Conterio, F. and Bolchi, A. and Dieci, G. and Ottonello, S.},
  journal={Nucleic acids research},
  volume={22},
  number={7},
  pages={1247--1256},
  year={1994},
  publisher={Oxford Univ Press}
}


@article{eddy1994rna:1994,
  title={{RNA} sequence analysis using covariance models},
  author={Eddy, S.R. and Durbin, R.},
  journal={Nucleic acids research},
  volume={22},
  number={11},
  pages={2079--2088},
  year={1994},
  publisher={Oxford Univ Press}
}

@article{sakakibara1994stochastic:1994,
  title={Stochastic context-free grammers for t{RNA} modeling},
  author={Sakakibara, Y. and Brown, M. and Hughey, R. and Mian, I.S. and Sj{\"o}lander, K. and Underwood, R.C. and Haussler, D.},
  journal={Nucleic acids research},
  volume={22},
  number={23},
  pages={5112--5120},
  year={1994},
  publisher={Oxford Univ Press}
}


@article{eddy2003infernal:2003,
  title={Infernal user's guide},
  author={Eddy, SR},
  journal={http://infernal.janelia.org},
  year={2003}
}


@article{klein2003rsearch:2003,
  title={{RSEARCH}: finding homologs of single structured {RNA} sequences},
  author={Klein, R. and Eddy, S.},
  journal={BMC bioinformatics},
  volume={4},
  number={1},
  pages={44},
  year={2003},
  publisher={BioMed Central Ltd}
}


@article{henikoff1992amino:1992,
  title={Amino acid substitution matrices from protein blocks},
  author={Henikoff, S. and Henikoff, J.G.},
  journal={Proceedings of the National Academy of Sciences},
  volume={89},
  number={22},
  pages={10915-10919},
  year={1992},
  publisher={National Acad Sciences}
}

@article{griffiths2003rfam:2003,
  title={{Rfam}: an {RNA} family database},
  author={Griffiths-Jones, S. and Bateman, A. and Marshall, M. and Khanna, A. and Eddy, S.R.},
  journal={Nucleic acids research},
  volume={31},
  number={1},
  pages={439--441},
  year={2003},
  publisher={Oxford Univ Press}
}

@article{zuker1981optimal:1981,
  title={Optimal computer folding of large {RNA} sequences using thermodynamics and auxiliary information},
  author={Zuker, M. and Stiegler, P.},
  journal={Nucleic acids research},
  volume={9},
  number={1},
  pages={133--148},
  year={1981},
  publisher={Oxford Univ Press}
}


@article{hofacker1994fast:1994,
  title={Fast folding and comparison of {RNA} secondary structures},
  author={Hofacker, I.L. and Fontana, W. and Stadler, P.F. and Bonhoeffer, L.S. and Tacker, M. and Schuster, P.},
  journal={Monatshefte f{\"u}r Chemie/Chemical Monthly},
  volume={125},
  number={2},
  pages={167--188},
  year={1994},
  publisher={Springer}
}

@article{gruber2007rnaz:2007,
  title={The {RNA}z web server: prediction of thermodynamically stable and evolutionarily conserved {RNA} structures},
  author={Gruber, A.R. and Neub{\"o}ck, R. and Hofacker, I.L. and Washietl, S.},
  journal={Nucleic acids research},
  volume={35},
  number={suppl 2},
  pages={W335--W338},
  year={2007},
  publisher={Oxford Univ Press}
}


@article{hofacker2002secondary:2002,
  title={Secondary structure prediction for aligned {RNA} sequences},
  author={Hofacker, I.L. and Fekete, M. and Stadler, P.F.},
  journal={Journal of Molecular Biology},
  volume={319},
  number={5},
  pages={1059--1066},
  year={2002},
  publisher={Elsevier}
}


@book{higa2001entendendo:2001,
  title={Entendendo e interpretando os par\^ametros utilizados por {BLAST}.},
  author={Higa, R.H.},
  year={2001},
  publisher={Embrapa Inform\'atica Agropecu\'aria}
}

@article{lyngso2000rna:2000,
  title={{RNA} pseudoknot prediction in energy-based models},
  author={Lyngs{\o}, R.B. and Pedersen, C.N.S.},
  journal={Journal of computational biology},
  volume={7},
  number={3-4},
  pages={409--427},
  year={2000},
  publisher={Mary Ann Liebert, Inc.}
}

@article{reeder2004design:2004,
  title={Design, implementation and evaluation of a practical pseudoknot folding algorithm based on thermodynamics},
  author={Reeder, J. and Giegerich, R.},
  journal={BMC bioinformatics},
  volume={5},
  number={1},
  pages={104},
  year={2004},
  publisher={BioMed Central Ltd}
}

@article{rivas1999dynamic:1999,
  title={A dynamic programming algorithm for {RNA} structure prediction including pseudoknots1},
  author={Rivas, E. and Eddy, S.R.},
  journal={Journal of molecular biology},
  volume={285},
  number={5},
  pages={2053--2068},
  year={1999},
  publisher={Elsevier}
}

@article{schuster1997rna:1997,
  title={{RNA} structures and folding: from conventional to new issues in structure predictions},
  author={Schuster, P. and Stadler, P.F. and Renner, A.},
  journal={Current opinion in structural biology},
  volume={7},
  number={2},
  pages={229--235},
  year={1997},
  publisher={Elsevier}
}


@article{torres2005crystal:2005,
  title={Crystal structure of the {RNA} component of bacterial ribonuclease P},
  author={Torres-Larios, A. and Swinger, K.K. and Krasilnikov, A.S. and Pan, T. and Mondrag{\'o}n, A.},
  journal={Nature},
  volume={437},
  number={7058},
  pages={584--587},
  year={2005},
  publisher={Nature Publishing Group}
}

@article{liu2005noncode:2005,
  title={{NONCODE}: an integrated knowledge database of non-coding {RNA}s},
  author={Liu, C. and Bai, B. and Skogerb{\o}, G. and Cai, L. and Deng, W. and Zhang, Y. and Bu, D. and Zhao, Y. and Chen, R.},
  journal={Nucleic acids research},
  volume={33},
  number={suppl 1},
  pages={D112--D115},
  year={2005},
  publisher={Oxford Univ Press}
}


@article{michalak2006rna:2006,
  title={{RNA} world--the dark matter of evolutionary genomics},
  author={Michalak, P.},
  journal={Journal of evolutionary biology},
  volume={19},
  number={6},
  pages={1768--1774},
  year={2006},
  publisher={Wiley Online Library}
}

@article{huttenhofer2005non:2005,
  title={Non-coding {RNA}s: hope or hype?},
  author={H{\"u}ttenhofer, A. and Schattner, P. and Polacek, N.},
  journal={TRENDS in Genetics},
  volume={21},
  number={5},
  pages={289--297},
  year={2005},
  publisher={Elsevier}
}

@book{wooldridge2009introduction:2009,
  title={An introduction to multiagent systems},
  author={Wooldridge, M.J.},
  year={2009},
  publisher={Wiley}
}


@ARTICLE{Schneider2006:2006,
  author = {Schneider, H. W.},
  title = {Implementação de Protótipo de um {SMA} para Anotação Manual em Projetos
	de Sequenciamento de Genomas.},
  journal = {Monografia de Graduação do Departamento de Ciência da Computação
	da Universidade de Brasília},
  year = {2006},
  owner = {wosleyarruda},
  timestamp = {2011.09.04}
}

@ARTICLE{Schneider2010:2010,
  author = {Schneider, H. W.},
  title = {Método de Aprendizagem por Reforço no Sistema {B}io{A}gents.},
  journal = {Dissertação de Mestrado do Departamento de Ciência da Computação
	da Universidade de Brasília},
  year = {2010},
  owner = {wosleyarruda},
  timestamp = {2011.09.04}
}

@ARTICLE{Ralha2011:2011,
  author = {Ralha, C. G. and Walter, M. E. M. T. and Brigido, M. M. and Schneider,
	H. W.},
  title = {A Multi-Agent Tool to Annotate Biological Sequences},
  journal = {3rd International Conference on Agents and Artificial Intelligence
	(ICAART). Rome, Italy. The SciTePress Digital Library: The Institute
	for Systems and Technologies of Information, Control and Communication
	(INSTICC)},
  year = {2011},
  pages = {p. 1-6.},
  owner = {wosleyarruda},
  timestamp = {2011.09.24}
}


@article{pang2007rnadb:2007,
  title={{RNA}db 2.0? an expanded database of mammalian non-coding {RNA}s},
  author={Pang, K.C. and Stephen, S. and Dinger, M.E. and Engstr{\"o}m, P.G. and Lenhard, B. and Mattick, J.S.},
  journal={Nucleic acids research},
  volume={35},
  number={suppl 1},
  pages={D178--D182},
  year={2007},
  publisher={Oxford Univ Press}
}

@article{jones:2006,
  author =	 {S. Griffiths-Jones and R. J. Grocock and S. Dongen
                  and A. Bateman and A. J. Enright},
  title =	 {mi{RB}ase: micro{RNA} sequences, targets and gene
                  nomenclature},
  journal =	 {Nucleic Acids Research},
  volume =	 {34},
  year =	 {2006},
  pages =	 {D140--D144},
}



@article{brown2003plant:2003,
  title={Plant sno{RNA} database},
  author={Brown, J.W.S. and Echeverria, M. and Qu, L.H. and Lowe, T.M. and Bachellerie, J.P. and H{\"u}ttenhofer, A. and Kastenmayer, J.P. and Green, P.J. and Shaw, P. and Marshall, D.F.},
  journal={Nucleic acids research},
  volume={31},
  number={1},
  pages={432--435},
  year={2003},
  publisher={Oxford Univ Press}
}

@article{lestrade2006snorna:2006,
  title={sno{RNA}-{LBME}-db, a comprehensive database of human {H/ACA} and {C/D} box sno{RNA}s},
  author={Lestrade, L. and Weber, M.J.},
  journal={Nucleic acids research},
  volume={34},
  number={suppl 1},
  pages={D158--D162},
  year={2006},
  publisher={Oxford Univ Press}
}

@article{solda2009ariadne:2009,
  title={An Ariadne's thread to the identification and annotation of noncoding {RNA}s in eukaryotes},
  author={Sold{\`a}, G. and Makunin, I.V. and Sezerman, O.U. and Corradin, A. and Corti, G. and Guffanti, A.},
  journal={Briefings in bioinformatics},
  volume={10},
  number={5},
  pages={475--489},
  year={2009},
  publisher={Oxford Univ Press}
}

@UNPUBLISHED{Stadler:2011,
  author = {Stadler, P.F.},
  title = {Comunicação Verbal},
  year = {2011},
  owner = {ironsousa},
  timestamp = {2011.09.19}
}

@BOOK{Russell:2002,
  title = {Artificial intelligence: A Modern Approach. Second Edition.},
  author = {Russell, S. J. and Norvig, P.},
  year = {2002},
  editor = {Prentice Hall}
}


@ARTICLE{Leone:2011,
  author = {Vieira,Leone. P. V. S.},
  title = {Implementação de uma Plataforma de Desenvolvimento de Sistema Multiagente
	com Abordagem Peer-to-Peer},
  journal = {Monografia de graduação do Departamento de Ciência da Computação
	da Universidade de Brasília},
  year = {2011}
}

@ARTICLE{Bellifemine:2003,
  author = {Bellifemine, F. and Caire, G. and Poggi, A. and Rimassa, G.},
  title = {{JADE} - a white paper},
  journal = {White Paper 3, TILAB - Telecom Italia Lab. (http://jade.tilab.com/)},
  year = {2003},
  volume = {v. 3},
  pages = {p. 6-19}
}

@BOOK{Browne:2009,
  author = {Browne, P.},
  title = {JBoss Drools Business Rules},
  publisher = {Packt Publishing},
  year = {2009}
 
}

@article{washietl2005fast:2005,
  title={Fast and reliable prediction of noncoding {RNA}s},
  author={Washietl, S. and Hofacker, I.L. and Stadler, P.F.},
  journal={Proceedings of the National Academy of Sciences of the United States of America},
  volume={102},
  number={7},
  pages={2454-2459},
  year={2005},
  publisher={National Acad Sciences}
}

@article{fipa:2002,
  title={FIPA {ACL} Message Structure Specification},
  author={Fipa, {ACL}},
  journal={Foundation for Intelligent Physical Agents, http://www.fipa.org/specs/fipa00061/SC00061G.html
  (30.6. 2004)},
  year={2002}
}

@Misc{Cougar:2011,
  author = {Cougaar},
  note =	 {Cougar - {http://cougaar.org}.},
  year =	 {2012},
}


@Misc{Sesam:2011,
  author =	 {Se{S}am},
  note =	 {Sesam - {http://www.simsesam.de}.},
  year =	 {2012},
}


@book{friedman2003jess:2003,
  title={{JESS} in Action},
  author={Friedman-Hill, E.},
  year={2003},
  publisher={Manning}
}

@Misc{Hammurapi:2012,
  author =	 {Hammurapi},
  note =	 {Hammurapi Rules - {http://www.hammurapi.biz/hammurapi-
biz/ef/xmenu/hammurapi-group/products/hammurapi-rules/}.},
  year =	 {2012},
}



@article{forgy1982rete:1982,
  title={Rete: A fast algorithm for the many pattern/many object pattern match problem},
  author={Forgy, C.L.},
  journal={Artificial intelligence},
  volume={19},
  number={1},
  pages={17--37},
  year={1982},
  publisher={Elsevier}
}


@article{zuker1984rna:1984,
  title={{RNA} secondary structures and their prediction},
  author={Zuker, M. and Sankoff, D.},
  journal={Bulletin of Mathematical Biology},
  volume={46},
  number={4},
  pages={591--621},
  year={1984},
  publisher={Springer}
}

@article{mccaskill1990equilibrium:1990,
  title={The equilibrium partition function and base pair binding probabilities for {RNA} secondary structure},
  author={McCaskill, J.S.},
  journal={Biopolymers},
  volume={29},
  number={6-7},
  pages={1105--1119},
  year={1990},
  publisher={Wiley Online Library}
}


@article{Arrial:2006,
  author = {Arrial, R. T.},
  title = {Predição de {RNA}s não-codificadores no transcriptoma do fungo \textit{{P}aracoccidioides
	brasiliensis} usando aprendizagem de máquina},
  journal = {Dissertação de Mestrado do Departamento de Ciência da Computação
	da UnB},
  year = {2006}
}


@Misc{NONCODE:2012,
  author = {NONCODE},
  note =	 {NONCODE - {http://www.noncode.org}.},
  year =	 {2012}
}

@Misc{Genbank:2012,
  author = {Genbank},
  note =	 {Genbank - {http://www.ncbi.nlm.nih.gov/Genbank/}.},
  year =	 {2012}
}


@Misc{miRBase:2012,
  author =	{mi{RB}ase},
  note =	 {mi{RB}ase - {http://microrna.sanger.ac.uk/}.},
  year =	 {2012}
}


@Misc{snoRNAbase:2012,
  author =	 {sno{RNA}base},
  note =	 {sno{RNA}base - {http://www-snorna.biotoul.fr/}.},
  year =	 {2012}
}


@Misc{PlantsnoRNA:2012,
  author =	 {Plant sno{RNA}},
  note =	 {Plant sno{RNA} database - {http://bioinf.scri.sari.ac.uk/cgi-bin/plant\_snorna/home}.},
  year =	 {2012}
}

@Misc{RNAdb:2012,
  author =	 {{RNA}db},
  note =	 {{RNA}db - {http://jsm-research.imb.uq.edu.au/rnadb}.},
  year =	 {2012}
}

@Misc{snoRNA:2012,
  author =	 {sno{RNA}},
  note =	 {sno{RNA} database - {http://lowelab.ucsc.edu/snoRNAdb/}.},
  year =	 {2012}
}


@Misc{Rfam:2012,
  author =	 {Rfam},
  note =	 {Rfam database - {ftp://ftp.sanger.ac.uk/pub/databases/Rfam}.},
  year =	 {2012}
}


@article{waterman1978rna:1978,
  title={{RNA} secondary structure: A complete mathematical analysis},
  author={Waterman, M.S. and Smith, T.F.},
  journal={Mathematical Biosciences},
  volume={42},
  number={3-4},
  pages={257--266},
  year={1978},
  publisher={Elsevier}
}


@article{james:1989,
  title={Phylogenetic comparative analysis of {RNA} secondary structure},
  author={James, B.D. and Olsen, G.J. and Pace, N.R.},
  journal={Methods in Enzymology},
  volume={180},
  pages={227--239},
  year={1989},
  publisher={Elsevier}
}

@article{eddy2004rna:2004,
  title={How do {RNA} folding algorithms work?},
  author={Eddy, S.R.},
  journal={Nature Biotechnology},
  volume={22},
  number={11},
  pages={1457--1458},
  year={2004},
  publisher={Nature Publishing Group}
}


@article{ronaghi1998sequencing:1998,
  title={A sequencing method based on real-time pyrophosphate.},
  author={Ronaghi, M. and Uhl{\'e}n, M. and Nyr{\'e}n, P. and others},
  journal={Science (New York, NY)},
  volume={281},
  number={5375},
  pages={363--365},
  year={1998}
}

@book{durbin1998biological:1998,
  title={Biological sequence analysis: probabilistic models of proteins and nucleic acids},
  author={Durbin, R. and Eddy, S.R. and Krogh, A. and Mitchison, G.},
  year={1998},
  publisher={Cambridge university press}
}

@article{huttenhofer2001rnomics:2001,
  title={{RN}omics: an experimental approach that identifies 201 candidates for novel, small, non-messenger RNAs in mouse},
  author={H{\"u}ttenhofer, A. and Kiefmann, M. and Meier-Ewert, S. and O'Brien, J. and Lehrach, H. and Bachellerie, J.P. and Brosius, J.},
  journal={The EMBO journal},
  volume={20},
  number={11},
  pages={2943--2953},
  year={2001},
  publisher={Nature Publishing Group}
}

@article{carter2001computational:2001,
  title={A computational approach to identify genes for functional {RNA}s in genomic sequences},
  author={Carter, R.J. and Dubchak, I. and Holbrook, S.R.},
  journal={Nucleic Acids Research},
  volume={29},
  number={19},
  pages={3928--3938},
  year={2001},
  publisher={Oxford Univ Press}
}


@article{xie2004genetic:2004,
  title={Genetic and functional diversification of small RNA pathways in plants},
  author={Xie, Z. and Johansen, L.K. and Gustafson, A.M. and Kasschau, K.D. and Lellis, A.D. and Zilberman, D. and Jacobsen, S.E. and Carrington, J.C.},
  journal={PLoS biology},
  volume={2},
  number={5},
  pages={e104},
  year={2004},
  publisher={Public Library of Science}
}


@article{arrial2009screening:2009,
  title={Screening non-coding RNAs in transcriptomes from neglected species using PORTRAIT: case study of the pathogenic fungus Paracoccidioides brasiliensis},
  author={Arrial, R.T. and Togawa, R.C. and Brigido, M.M.},
  journal={BMC bioinformatics},
  volume={10},
  number={1},
  pages={239},
  year={2009},
  publisher={BioMed Central Ltd}
}


@book{stryer:2002,
  author =	 {L. Stryer and L. Berg and J. L. Tymoczco},
  title =	 {Biochemistry},
  publisher =	 {W. H. Freeman \& Co},
  year =	 {2002},
  pages =	 {1514},
  country = {Nova Iorque},
  edition = {5ed}
}


@inproceedings{crick:1958,
	author = {Francis Crick},
	title = {On Protein Synthesis.},
	booktitle = {The Symposia of the Society for Experimental Biology},
	year = {1958},
	pages = {138-163}
}


@article{machado2008computational:2008,
  title={Computational methods in noncoding RNA research},
  author={Machado-Lima, A. and del Portillo, H.A. and Durham, A.M.},
  journal={Journal of mathematical biology},
  volume={56},
  number={1},
  pages={15--49},
  year={2008},
  publisher={Springer}
}



@UNPUBLISHED{Arruda:2011,
  author={Arruda, W. C and Ralha, C. G. and Walter, M. E. M. T. and Stadler, P.F.},
  title={Comunicação Verbal},
  pages={15--49},
  year={2011}
}


@article{machado2008computational:2008,
  title={Computational methods in noncoding RNA research},
  author={Machado-Lima, A. and del Portillo, H.A. and Durham, A.M.},
  journal={Journal of mathematical biology},
  volume={56},
  number={1},
  pages={15--49},
  year={2008},
  publisher={Springer}
}

@article{mituyama2009functional:2009,
  title={The Functional RNA Database 3.0: databases to support mining and annotation of functional RNAs},
  author={Mituyama, T. and Yamada, K. and Hattori, E. and Okida, H. and Ono, Y. and Terai, G. and Yoshizawa, A. and Komori, T. and Asai, K.},
  journal={Nucleic acids research},
  volume={37},
  number={suppl 1},
  pages={D89--D92},
  year={2009},
  publisher={Oxford Univ Press}
}



@article{green1994phrap:1994,
  title={Phrap},
  author={Green, P.},
  journal={Unpublished, available for download at http://www. genome. washington. edu/UWGC/analysistools/phrap. htm},
  year={1994}
}



@article{mendell2005micrornas:2005,
  title={MicroRNAs: critical regulators of development, cellular physiology and malignancy},
  author={Mendell, J.T.},
  journal={Cell Cycle},
  volume={4},
  number={9},
  pages={1179-1184},
  year={2005},
  publisher={Landes Bioscience}
}

@article{pavon2009trna:2009,
  title={tRNA over-expression in breast cancer and functional consequences},
  author={Pavon-Eternod, M. and Gomes, S. and Geslain, R. and Dai, Q. and Rosner, M.R. and Pan, T.},
  journal={Nucleic acids research},
  volume={37},
  number={21},
  pages={7268-7280},
  year={2009},
  publisher={Oxford Univ Press}
}

@article{brennecke2007discrete:2007,
  title={Discrete Small RNA-Generating Loci as Master Regulators of Transposon Activity in< i> Drosophila</i>},
  author={Brennecke, J. and Aravin, A.A. and Stark, A. and Dus, M. and Kellis, M. and Sachidanandam, R. and Hannon, G.J.},
  journal={Cell},
  volume={128},
  number={6},
  pages={1089-1103},
  year={2007},
  publisher={Elsevier}
}

@article{hofacker2003vienna:2003,
  title={Vienna {RNA} secondary structure server},
  author={Hofacker, I.L.},
  journal={Nucleic acids research},
  volume={31},
  number={13},
  pages={3429-3431},
  year={2003},
  publisher={Oxford Univ Press}
}


@article{pipas1975method:1975,
  title={Method for predicting RNA secondary structure},
  author={Pipas, J.M. and McMAHON, J.E.},
  journal={Proceedings of the National Academy of Sciences},
  volume={72},
  number={6},
  pages={2017-2021},
  year={1975},
  publisher={National Acad Sciences}
}


@article{griffiths2007annotating:2007,
  title={Annotating noncoding RNA genes},
  author={Griffiths-Jones, S.},
  journal={Annu. Rev. Genomics Hum. Genet.},
  volume={8},
  pages={279--298},
  year={2007},
  publisher={Annual Reviews}
}

@article{lagesen2007rnammer:2007,
  title={RNAmmer: consistent and rapid annotation of ribosomal RNA genes},
  author={Lagesen, K. and Hallin, P. and R{\o}dland, E.A. and St{\ae}rfeldt, H.H. and Rognes, T. and Ussery, D.W.},
  journal={Nucleic Acids Research},
  volume={35},
  number={9},
  pages={3100--3108},
  year={2007},
  publisher={Oxford Univ Press}
}


@article{wosley2011:2011,
  title={ncRNA-Agents: Anotação de RNAs não-codificadores baseado 
em Sistema Multiagentes},
  author={Arruda, W. C. and Ralha, C. G. and Walter, M. E. T. and Bezerra, I. S.},
  journal={WPOS},
  year={2011}
}


